<collection xmlns="http://www.loc.gov/MARC21/slim">
<record>
  <leader>01026nam0a22002411i 450 </leader>
  <controlfield tag="001">IT\ICCU\CNCE\072101</controlfield>
  <controlfield tag="005">20201008000000.0</controlfield>
  <datafield tag="012" ind1=" " ind2=" ">
    <subfield code="a">&apos;le- r-no rili caca (3) 1552 (A)</subfield>
    <subfield code="2">fei</subfield>
  </datafield>
  <datafield tag="100" ind1=" " ind2=" ">
    <subfield code="a">20071128d1552        0itac0103    ba</subfield>
  </datafield>
  <datafield tag="101" ind1=" " ind2=" ">
    <subfield code="a">ITA</subfield>
  </datafield>
  <datafield tag="102" ind1=" " ind2=" ">
    <subfield code="a">CH</subfield>
  </datafield>
  <datafield tag="200" ind1="1" ind2=" ">
    <subfield code="a">Esortatione al martirio, di Giulio da Milano, riueduta, &amp; ampliata ...</subfield>
  </datafield>
  <datafield tag="210" ind1=" " ind2=" ">
    <subfield code="d">1552</subfield>
  </datafield>
  <datafield tag="215" ind1=" " ind2=" ">
    <subfield code="a">156, \4! p.</subfield>
    <subfield code="d">8ʻ</subfield>
  </datafield>
  <datafield tag="300" ind1=" " ind2=" ">
    <subfield code="a">Stampata a Poschiavo da Dolfino Landolfi. Cfr.: Dizionario biografico degli italiani, v. 37, p. 355</subfield>
  </datafield>
  <datafield tag="620" ind1=" " ind2=" ">
    <subfield code="a">CH</subfield>
    <subfield code="d">Poschiavo</subfield>
  </datafield>
  <datafield tag="700" ind1=" " ind2="0">
    <subfield code="a">Giulio</subfield>
    <subfield code="c"> : da#Milano</subfield>
    <subfield code="3">IT\ICCU\CNCA\016815</subfield>
  </datafield>
  <datafield tag="712" ind1="0" ind2="0">
    <subfield code="a">Landolfi, Dolfino</subfield>
    <subfield code="3">IT\ICCU\CNCT\003297</subfield>
    <subfield code="4">650</subfield>
  </datafield>
  <datafield tag="790" ind1=" " ind2="1">
    <subfield code="a">Della_Rovere,</subfield>
    <subfield code="b">Giulio</subfield>
    <subfield code="c"> &lt;monaco agostiniano&gt;</subfield>
    <subfield code="3">IT\ICCU\CNCA\016816</subfield>
    <subfield code="z">Giulio : da#Milano</subfield>
  </datafield>
  <datafield tag="790" ind1=" " ind2="0">
    <subfield code="a">Girolamo Savonese</subfield>
    <subfield code="3">IT\ICCU\CNCA\028633</subfield>
    <subfield code="z">Giulio : da#Milano</subfield>
  </datafield>
  <datafield tag="791" ind1="0" ind2="0">
    <subfield code="a">Landolfo, Dolfino</subfield>
    <subfield code="3">IT\ICCU\CNCT\004904</subfield>
    <subfield code="z">Landolfi, Dolfino</subfield>
  </datafield>
  <datafield tag="801" ind1=" " ind2="3">
    <subfield code="a">IT</subfield>
    <subfield code="b">ICCU</subfield>
    <subfield code="c">20201115</subfield>
  </datafield>
  <datafield tag="899" ind1=" " ind2=" ">
    <subfield code="a">Biblioteca di Ateneo dell&apos;Universit ̉cattolica del Sacro Cuore. Milano</subfield>
    <subfield code="1">MI0291</subfield>
    <subfield code="2">ZMI 18</subfield>
  </datafield>
</record>
</collection>
